
@book{svolik2012,
	title = {The Politics of Authoritarian Rule},
	author = {Svolik, Milan W.},
	year = {2012},
	month = {09},
	date = {2012-09-17},
	publisher = {Cambridge University Press},
	edition = {1},
	doi = {10.1017/CBO9781139176040},
	url = {https://www.cambridge.org/core/product/identifier/9781139176040/type/book},
	note = {DOI: 10.1017/CBO9781139176040}
}
